@misc{Schubauer47,
   author = {Galen B Schubauer and Harold K Skramstad},
   title = {Laminar Boundary-Layer Oscillations and Transition on a Flat Plate 1},
    year = {1947}
}

@book{Hughes2005,
   author = {Thomas J R Hughes and Victor M Calo and Guglielmo Scovazzi},
   keywords = {Consistent variational multiscale method,bypass transition,finite difference method,finite volume method,turbulence modeling},
   title = {Variational and Multiscale Methods in Turbulence},
   year = {2005},
publisher = {Springer},
doi = {10.1007/1-4020-3559-4_9}
}

@article{Brunelli2023,
   author = {Carlo Brunelli},
   doi = {10.21105/joss.05565},
   issue = {87},
   journal = {Journal of Open Source Software},
   month = {7},
   pages = {5565},
   publisher = {The Open Journal},
   title = {SyntheticEddyMethod.jl: A Julia package for the creation of inlet flow conditions for LES},
   volume = {8},
   year = {2023},
}
