@article{Sorgiovanni2016,
   author = {Giuseppe Sorgiovanni and Maurizio Quadrio and Raffaele Ponzini},
   city = {Milan},
   institution = {Politecnico di Milano},
   title = {A robust open-source adjoint optimization method for external aerodynamics},
   year = {2016},
}
